@Article{rs-common,
  author  = {P. Resnick and H. R. Varian},
  title   = {Recommender systems},
  year    = {1997},
  journal = {Communications of the ACM},
  pages   = {56-58},
  month   = {},
  volume  = {40},
}

@misc{netflix,
  title = {Netflix},
  howpublished = {\url{https://www.netflix.com/ru/}},
  note = {Online; Проверено 2017-09-15},
}

@misc{google-news,
  title = {Google News},
  howpublished = {https://news.google.ru/}},
  note = {Online; Проверено 2017-09-15},
}
@misc{youtube,
  title = {YouTube},
  howpublished = {\url{https://www.youtube.com/}},
  note = {Online; Проверено 2017-09-15},
}

@misc{amazon,
  title = {Amazon},
  howpublished = {\url{https://www.amazon.com/gp/gw/ajax/s.html/}},
  note = {Online; Проверено 2017-09-15},
}

@misc{product-service,
  title = {Сервисы товарных рекомендаций},
  howpublished = {\url{http://prograbli.ru/business_experience/choose_a_trademark_guidelines/}},
  note = {Online; Проверено 2017-09-15},
}

@Article{netflix-size,
  author  = {J. Bennett and S. Lanning},
  title   = {The netflix prize},
  year    = {2007},
  journal = {KDD Cup and Workshop},
  pages   = {},
  month   = {7},
  volume  = {},
}

@Article{amazon-size,
  author  = {Amazon},
  title   = {Q4 2009 Financial Results},
  year    = {2010},
  journal = {Earnings Report Q4-2009},
  pages   = {},
  month   = {7},
  volume  = {},
}

@ARTICLE{coscial-rec-survey,
AUTHOR    = {X. Su and T. Khoshgoftaar},
TITLE     = {A survey of collaborative filtering based social recommender systems},
JOURNAL   = {Computer Communications},
YEAR      = {2014},
Pages     = {1-10},
volume  = {41},
}

@ARTICLE{market1,
AUTHOR    = {P. M. West and D. Ariely and S. Bellman and E. Bradlow and J. Huber and 
E. Johnson and B. Kahn and J. Little and D. Schkade},
TITLE     = {Agents to the Rescue?},
JOURNAL   = {Marketing Letters},
YEAR      = {1999},
Pages     = {285-300},
volume    = {10}
}

@ARTICLE{market2,
AUTHOR    = {A. Ansari and S. Essegaier and R. Kohli},
TITLE     = {Internet recommendation systems},
JOURNAL   = {Journal of Marketing Research},
YEAR      = {2000},
Pages     = {363-375},
volume = {37},
}

@ARTICLE{content-cf,
AUTHOR    = {Robin Van Meteren and Maarten Van Someren},
TITLE     = {Using content-based filtering for recommendation},
JOURNAL   = {Proceedings of the Machine Learning in the New Information Age: MLnet/ECML2000 Workshop},
YEAR      = {200},
Pages     = {47-56},
}

@ARTICLE{surveyCf,
AUTHOR    = {X. Su and T. Khoshgoftaar},
TITLE     = {A survey of collaborative filtering techniques},
JOURNAL   = {Advances in Artificial Intelligence},
YEAR      = {2009},
Pages     = {19},
}

@ARTICLE{ toward,
AUTHOR    = {G. Adomavicius and A. Tuzhilin},
TITLE     = {Toward the Next Generation of Recommender Systems: A Survey of the State-of-the-Art and
Possible Extensions},
JOURNAL   = {IEEE Transactions on Knowledge and Data Engineering},
YEAR      = {2005},
Pages     = {734-749},
}

@Book{social_osipov,
ALTauthor = {Осипов Г.В.},
title = {Социология. Основы общей теории },
address = "М.",
publisher = {Норма},
year = {2003},
}

% ссылка на прогнозную функция
@Article{cfrs,
  author  = {M. D. Ekstrand and J. T. Riedl and J. A. Konstan},
  title   = {Collaborative Filtering Recommender Systems},
  year    = {2011},
  journal = {Foundations and Trends in Human-Computer Interaction},
  pages   = {81-173},
  month   = {3},
  volume  = {4},
}

@ARTICLE{survey,
  author  = {Xiaoyuan Su and Taghi M. Khoshgoftaar},
  title   = {A Survey of Collaborative Filtering Techniques},
  year    = {2009},
  journal = {Advances in Artificial Intelligence},
  volume  = {2009}
}

@ARTICLE{grundy,
  author  = {E. Rich},
  title   = {User modeling via stereotypes},
  year    = {1979},
  journal = {Cognitive Science},
  volume  = {3},
pages = {329-354}
}

@ARTICLE{tapestry,
  author  = {D. Goldberg and D. Nichols and B. M. Oki and D. Terry},
  title   = {Using collaborative filtering to weave an information tapestry},
  year    = {1992},
  journal = {Communications of the ACM},
  volume  = {35},
pages = {61-70}
}

@Book{info-boom,
ALTauthor = {Тоффлер Э},
title = {Шок будущего},
publisher = {ООО «Издательство ACT»},
year = {2002},
}

@ARTICLE{usenet,
  author  = {J. A. Konstan and B. N. Miller and D. Maltz and J. L. Herlocker and L. R. Gordon and J. Riedl},
  title   = {GroupLens: applying collaborative filtering to Usenet news},
  year    = {1997},
  journal = {Communications of the ACM},
  volume  = {40},
pages = {77-87}
}

@ARTICLE{grouplens,
  author  = {P. Resnick and N. Iacovou and M. Suchak and P. Bergstrom and J. Riedl},
  title   = {GroupLens:an open architecture for collaborative filtering of netnews},
  year    = {1994},
  journal = {ACM CSCW},
  volume  = {40},
pages = {175-186}
}

@ARTICLE{ringo,
  author  = {U. Shardanand and P. Maes},
  title   = {Social information filtering: Algorithms for automating "word of mouth"},
  year    = {1995},
  journal = {ACM CHI},
  volume  = {},
pages = {210-217}
}

@ARTICLE{bellcore,
  author  = {W. Hill and L. Stead and M. Rosenstein and and G. Furnas},
  title   = {Recommending and evaluating choices in a virtual community of use},
  year    = {1995},
  journal = {ACM CHI},
  volume  = {},
pages = {194–201}
}

@ARTICLE{jester,
  author  = {K. Goldberg and T. Roeder and D. Gupta and and C. Perkins}, 
  title   = {Eigentaste: A constant time collaborative filtering algorithm},
  year    = {2001},
  journal = {Information Retrieval},
  volume  = {4},
pages = {133-151}
}

@misc{recsys,
  title = {RecSys},
  howpublished = {\url{http://recsys.acm.org/}},
  note = {Online; Проверено 2017-09-15},
}


@misc{imdb,
  title = {IMDB},
  howpublished = {\url{http://www.imdb.com/}},
  note = {Online; Проверено 2017-09-15},
}

@misc{lastfm,
  title = {LastFm},
  howpublished = {\url{http://www.last.fm/ru/}},
  note = {Online; Проверено 2017-09-15},
}

@book{fdca,
  author    = {Ким О. Дж. and Мьюллер Ч.У. and Клекка У.Р. and др.}, 
  title     = {Факторный, дискриминантный и кластерный анализ},
  publisher = {Финансы и статистика},
  year      = 1998,
pages = {216}
}

@ARTICLE{ 2d,
AUTHOR    = {G. Adomavicius and A. Tuzhilin},
TITLE     = {Context-Aware Recommender SystemsUsing collaborative filtering to weave an information},
JOURNAL   = {Recommender Systems Handbook},
YEAR      = {2011},
Pages     = {217-253},
}

@ARTICLE{ user-item-cf,
AUTHOR    = {G. Yao and L. Cai},
TITLE     = {User-Based and Item-Based Collaborative Filtering Recommendation Algorithms Design},
JOURNAL   = {},
YEAR      = {},
Pages     = {},
howpublished = {\url{https://cseweb.ucsd.edu/~jmcauley/cse255/reports/wi15/Guanwen%20Yao_Lifeng_Cai.pdf}},
}

@book{rs-handbook,
  author    = {F. Ricci and L. Rokach and B. Shapira and P. B. Kantor.},
  title     = {Recommender Systems Handbook},
 isbn = {978-0-387-85819-7},
 publisher = {Cambridge University Press},
 year = {2011},
 address = {New York, NY, USA},
}

@ARTICLE{ item-based,
AUTHOR    = {B. Sarwar and G. Karypis and J. Konstan and J. Riedl},
TITLE     = {Item-based collaborative filtering recommendation algorithms},
JOURNAL   = {Proceedings of the 10th international conference on World Wide Web},
YEAR      = {2001},
Pages     = {285-295},
}

@ARTICLE{ heur1,
AUTHOR    = {A. Umyarov and A. Tuzhilin},
TITLE     = {Improving Collaborative Filtering Recommendations Using External Data},
JOURNAL   = {ICDM '08 Proceedings of the 2008 Eighth IEEE International Conference on Data Mining},
YEAR      = {2008},
Pages     = {618-627 },
}
@ARTICLE{ heur2,
AUTHOR    = {Jun Wang},
TITLE     = {Unifying user-based and item-based collaborative filtering approaches by similarity fusion},
JOURNAL   = {SIGIR '06 Proceedings of the 29th annual international ACM SIGIR },
YEAR      = {2006},
Pages     = {},
}
@ARTICLE{ heur3,
AUTHOR    = {S. Berkovsky and T. Kuflik	and F. Ricci},
TITLE     = {Cross-Domain Mediation in Collaborative Filtering},
JOURNAL   = {Proceedings of the 11th international conference on User Modeling},
YEAR      = {2007},
Pages     = {355-359},
}

@ARTICLE{ 801,
AUTHOR    = {X. Amatriain and A. Jaimes and N, Oliver and J. M. Pujol},
TITLE     = {A Graph-Based Method for Combining Collaborative and Content-Based Filtering.},
JOURNAL   = {10th Pacific Rim International Conference on Artificial Intelligence},
YEAR      = {2008},
}
@ARTICLE{ 802,
AUTHOR    = {T. Xu and J. Tian and T. Murata},
TITLE     = {Research on Personalized Recommendation in E-commerce Service based on Data Mining},
JOURNAL   = {Proceedings of the International MultiConference of Engineers and Computer Scientists 2},
YEAR      = {2013},
}
@ARTICLE{ topn1,
AUTHOR    = {G. Karypis},
TITLE     = {Evaluation of item-based top-N recommendation algorithms},
JOURNAL   = {Proceedings of the International Conference on Information and Knowledge Management},
YEAR      = {2001},
pages = {247–254},
}

@ARTICLE{ model-based1,
AUTHOR    = {J. Wolf and C. Aggarwala and K. Wu and P. Yu},
TITLE     = {Horting hatches and egg: A new graph-theoretic approach to collaborative filtering},
JOURNAL   = {In Proceedings of ACM SIGKDD International Conference on Knowledge
	Discovery and Data Mining},
YEAR      = {1999},
pages = {},
}
@ARTICLE{ item-based-cross-sell,
AUTHOR    = {Brendan Kitts and David Freed and Martin Vrieze},
TITLE     = {Cross-sell: A fast promotion-tunable customer-item recommendation method
based on conditional independent probabilities},
JOURNAL   = {In Proceedings of ACM SIGKDD International Conference},
YEAR      = {2000},
pages = {437-446},
}

@ARTICLE{ topn2,
AUTHOR    = {M. Deshpande and G. Karypis},
TITLE     = {Item-based top-N recommendation algorithms},
JOURNAL   = {ACM Transactions on Information Systems},
YEAR      = {2004},
pages = {143-177},
}

@ARTICLE{ empirical-cf,
AUTHOR    = {J. S. Breese and D. Heckerman and C. Kadie},
TITLE     = {Empirical analysis of predictive algorithms for collaborative filtering},
JOURNAL   = {Proc. of UAI},
YEAR      = {1998},
pages = {},
}

@ARTICLE{ framework-cf,
AUTHOR    = {J. L. Herlocker and J. A. Konstan and A. Borchers and J. Riedl},
TITLE     = {An algorithmic framework for performing collaborative filtering},
JOURNAL   = {Proc. of SIGIR},
YEAR      = {1999},
pages = {},
}

@ARTICLE{ combine-class,
AUTHOR    = {J. Kittler and M. Hatef and R. P. W. Duin and J. Matas},
TITLE     = {On combining classifiers},
JOURNAL   = {IEEE Trans. Pattern Anal.Mach. Intell},
YEAR      = {1998},
pages = {226–239},
volume = {20},
}

@ARTICLE{ user-item,
AUTHOR    = {J. Wang and A. P. de Vries and M. J. Reinders},
TITLE     = {A user-item relevance model for log-based collaborative filteringOn combining classifiers},
JOURNAL   = {Proc. of ECIR06},
YEAR      = {2006},
pages = {},
volume = {},
}
@TECHREPORT{Marlin04collaborativefiltering,
    author = {B. Marlin},
    title = {Collaborative Filtering: A Machine Learning Perspective},
    institution = {},
    year = {2004}
}

@TECHREPORT{rs-eval-shani,
	author = {G. Shani and A. Gunawardana },
	title = {Evaluating Recommender Systems},
	publisher = {Microsoft Research},
	year = {2009}
}

@ARTICLE{cf-machine-learn,
AUTHOR    = {L. Boratto and S Carta},
TITLE     = {The rating prediction task in a group recommender system that automatically detects groups: architectures, algorithms, and performance evaluation},
JOURNAL   = {Journal of Intelligent Information Systems},
YEAR      = {2014},
pages = {1-25},
volume = {},
}

@ARTICLE{norm,
AUTHOR    = {R. Jin and L. Si Carnegie},
TITLE     = {A study of methods for normalizing user ratings in collaborative filtering},
JOURNAL   = {Proc. SIGIR '04 Proceedings of the 27th annual international ACM SIGIR conference on Research and development in information retrieval},
YEAR      = {2004},
pages = { 568-569 },
volume = {},
}
@ARTICLE {herloker-eval,
AUTHOR    = {J. Herlocker},
TITLE     = {Evaluating Collaborative Filtering Recommender Systems},
JOURNAL   = {ACM TRANSACTIONS ON INFORMATION SYSTEMS},
YEAR      = {2004},
pages = {5-53},
 volume={22},
}

@MISC{if-overview,
    author = {Colm O' Riordan and Humphrey Sorensen},
    title = {Information Filtering and Retrieval: An Overview},
    year = {}
}

@ARTICLE {if,
AUTHOR    = {S. Loeb and D. Terry},
TITLE     = {Information Filtering},
JOURNAL   = {Communications of the ACM},
YEAR      = {1992},
pages = {26-28},
 volume={35},
}

@ARTICLE {if_and_ir,
AUTHOR    = {N.J.Belkin and W.B.Croft},
TITLE     = {Information Filtering and Information Retrieval: Two Sides of the Same Coin?},
JOURNAL   = {Communications of the ACM},
YEAR      = {},
pages = {29–38},
 volume={35},
}

@ARTICLE {amazon-item2item,
AUTHOR    = {G. Linden and B. Smith and J. York},
TITLE     = {Amazon.com recommendations: item-to-item collaborative filtering},
JOURNAL   = {Internet Computing 7:1},
YEAR      = {2003},
pages = {76–80},
 volume={},
}
@ARTICLE {amazon-linden,
AUTHOR    = {G.D. Linden and J.A. Jacobi and E.A. Benson},
TITLE     = {Collaborative
Recommendations Using Item-to-Item Similarity Mapping},
JOURNAL   = {US Patent 6,266,649 (to Amazon.com), Patent and Trademark Office, Washington, D.C.},
YEAR      = {},
pages = {},
 volume={2001},
}

@BOOK{disser0,
     author={Lei Li},
     title={Next Generation of Recommender Systems: Algorithms and Applications},
     journal={},
     series={},
     volume={},
     number={},
     date={2014},
     eprint={},
     pages={},
     language={},
     part={},
}

@BOOK{vsm1,
	 author={C. Musto},
	 title={Enhanced Vector Space Models for Content-based Recommender Systems},
	 journal={},
	 series={},
	 volume={},
	 number={},
	 date={2012},
	 eprint={},
	 pages={},
	 language={},
	 part={},
}

@BOOK{temporal-model,
	 author={P. G. Campos Soto},
	 title={Temporal Models in Recommender Systems:An Exploratory Study on
		 Different Evaluation Dimensions},
	 journal={},
	 series={},
	 volume={},
	 number={},
	 date={2011},
	 eprint={},
	 pages={},
	 language={},
	 part={},
}

@BOOK{bayesian-model,
	 author={S. Guo},
	 title={Bayesian Recommender Systems: Models and Algorithms},
	 journal={},
	 series={},
	 volume={},
	 number={},
	 date={2011},
	 eprint={},
	 pages={},
	 language={},
	 part={},
}

@BOOK{ir1,
     author={C. D. Manning and P. Raghavan and H. Schütze},
     title={An Introduction to Information Retrieval},
 year = {2008},
 isbn = {0521865719, 9780521865715},
 publisher = {Cambridge University Press},
 address = {New York, NY, USA},
}
@BOOK{ir2,
     author={M. Rosel},
     title={Introduction to Information Retrieval and Text Clustering},
 year = {2006},
 publisher = {KTH CSC},
}
@BOOK{ir3,
     author={D. Hiemstra},
     title={Information Retrieval Models},
 year = {2009},
 publisher = {Ayse Goker and John Davies (eds.), Information Retrieval: Searching in the 21st Century},
}

@BOOK{ir4,
     author={G. Salton},
     title={Automatic Text Processing: The Transformation, Analysis, and Retrieval of Information by Computer},
 year = {1989},
 publisher = {AddisonWesley},
}

@ARTICLE {most-success,
AUTHOR    = {R. Hu and P. Pu.},
TITLE     = {Using personality information in
collaborative filtering for new users.
Recommender Systems
and the Social Web},
JOURNAL   = {},
YEAR      = {2010},
pages = {},
 volume={},
}

@ARTICLE {most-popular,
AUTHOR    = {Yao W. and Xudong L. and Min X. and Ester M. and Qing Y},
TITLE     = {CCCF: Improving Collaborative Filtering via Scalable User-Item Co-Clustering},
JOURNAL   = {WSDM '16 Proceedings of the Ninth ACM International Conference on Web
Search and Data Mining},
YEAR      = {2016},
pages = {73-82
},
 volume={},
}

@ARTICLE {most-researched,
AUTHOR    = {D. Asanov},
TITLE     = {Algorithms and Methods in Recommender Systems//
Berlin Institute of Technology},
howpublished = {\url{https://www.snet.tu-berlin.de/fileadmin/fg220/courses/SS11/snet-project/recommender-systems_asanov.pdf}},
},
 volume={},
}

@ARTICLE {e-commerce,
AUTHOR    = {B. Sarwar and G. Karypis and J. Konstan and J. Riedl},
TITLE     = {Analysis of recommendation algorithms for e-commerce},
JOURNAL   = {In Proceedings of ACM E-Commerce},
YEAR      = {2000},
pages = {158-167},
 volume={},
}

@incollection{melville,
  author    = {Prem Melville and Vikas Sindhwani},
  title     = {Recommender Systems},
  booktitle = {Encyclopedia of Machine Learning},
  year      = {2010},
  pages     = {829-838},
}

@phdthesis{represent,
  Title = {Across-frequency in convolutive blind source separation},
  Author = {asd},
  School = {asd},
  Year = {2001},
} 
@ARTICLE{ pearson-trans,
AUTHOR    = {A. Sotos and S. Vanhoof and W. Van den Noortgate and P. Onghena},
TITLE     = {The non-transitivity of Pearson's correlation coefficient: an educational perspective},
JOURNAL   = {Proceedings of the 56th Session of the ISI},

Pages     = {4609-4613},
}
@ARTICLE{ changes,
AUTHOR    = {Y. Koren},
TITLE     = {Collaborative Filtering with Temporal Dynamics},
JOURNAL   = {Proceedings of the 15th ACM SIGKDD international conference on Knowledge discovery and data mining},
YEAR      = {2009},
Pages     = {447-456},
}
@book{psy,
  author    = {О.Посыпанова},
  title     = {Экономическая психология: психологические аспекты поведения потребителей.},
  publisher = {КГУ им. К.Э. Циолковского},
  year      = 2012,
}
@ARTICLE{ my,
AUTHOR    = {Д. Понизовкин}, 
TITLE     = {Влияние меры сходства на результативность РС},
JOURNAL   = {Программные системы: теория и приложения},
YEAR      = {2014},
Volume    = {5},
Number    = {5},
Pages     = {55-65},
}

@ARTICLE{scalable1 ,
AUTHOR    = {R. M. Bell	and Y. Koren},
TITLE     = {Scalable Collaborative Filtering with Jointly Derived Neighborhood Interpolation Weights},
JOURNAL   = {Proceeding ICDM '07 Proceedings of the 2007 Seventh IEEE International Conference on Data Mining},
YEAR      = {2007},
Volume    = {},
Number    = {},
Pages     = {43-52},
}
@ARTICLE{scalable2 ,
AUTHOR    = {	Y. Koren	},
TITLE     = {Factor in the neighbors: Scalable and accurate collaborative filtering},
JOURNAL   = {ACM Transactions on Knowledge Discovery from Data (TKDD) TKDD Homepage},
YEAR      = {2010},
Volume    = {4},
Number    = {},
Pages     = {},
}
@ARTICLE{scalable3 ,
AUTHOR    = {	A. Narang and A. Srivastava and
N. Praveen and Kumar Katta	},
TITLE     = {Distributed scalable collaborative filtering algorithm},
JOURNAL   = {Proceeding
Euro-Par'11 Proceedings of the 17th international conference on Parallel processing},
YEAR      = {2011},
Volume    = {1},
Number    = {},
Pages     = {353-365},
}
@ARTICLE{scalable4 ,
AUTHOR    = {G.-R. Xue and C. Lin and Q. Yang},
TITLE     = {Scalable collaborative  filtering using cluster-based smoothing},
JOURNAL   = {Proceedings of the
 ACM SIGIR Conference},
YEAR      = {2005},
Volume    = {},
Number    = {},
Pages     = {497 - 504},
}

%%%%%%%%%%% FROM DOC
@ARTICLE{neighbor-cf,
AUTHOR    = {Knees P. and Flexer A. and Schnitzer D.},
TITLE     = {Improving Neighborhood-Based Collaborative Filtering by Reducing Hubness},
JOURNAL   = {ICMR 14 Proceedings of International Conference on Multimedia Retrieval},
YEAR      = {2014},
Volume    = {},
Number    = {},
Pages     = {},
}
@book{dm1,
  author    = {Паклин Н. and Орешков В},
  title     = {Бизнес-аналитика: от данных к знаниям},
  publisher = {Питер},
  year      = 2009,
	pages 		= {624}
}
@book{dm2,
  author    = {Дюк В. and Самойленко А},
  title     = {Data Mining: учебный курс},
  publisher = {Питер},
  year      = 2001,
	pages 		= {268}
}
@book{dm3,
  author    = {А. Чубукова},
  title     = {Data Mining: учебное пособие},
  publisher = {Интернет-университет ин-формационных технологий: БИНОМ: Лаборатория знаний},
  year      = 2006,
	pages 		= {382}
}


@ARTICLE {cluster1,
AUTHOR    = {Connor and J. Herlocker},
TITLE     = {Clustering items for collaborative filtering},
JOURNAL   = {Proceedings of the ACM SIGIR Workshop on Recommender Systems (SIGIR ’99)},
YEAR      = {1999},
pages = {},
volume={},
}

@ARTICLE {cluster2,
AUTHOR    = { M. Ester and H.-P. Kriegel and J. Sander and and X. Xu},
TITLE     = {A density-based algorithm for discovering clusters in large spatial databases with noise},
JOURNAL   = {Proceedings of the International Conference on
Knowledge Discovery and Data Mining (KDD ’96)},
YEAR      = {1996},
pages = {},
volume={},
}
@ARTICLE {cluster3,
AUTHOR    = {M. Ankerst and M. M. Breunig and H.-P. Kriegel and J. Sander},
TITLE     = {OPTICS: ordering points to identify the clustering structure},
JOURNAL   = {Proceedings of ACM SIGMOD Conference},
YEAR      = {1999},
pages = {49–60},
volume={},
}
@ARTICLE {cluster4,
AUTHOR    = {T. Zhang and R. Ramakrishnan and M. Livny},
TITLE     = {BIRCH: an efficient data clustering method for very large databases},
JOURNAL   = {Proceedings of the ACM SIGMOD International Conference on Management of Data},
YEAR      = {1996},
pages = {103–114},
volume={25},
}
@ARTICLE {cluster5,
AUTHOR    = {X. Su and M. Kubat and M. A. Tapia and and C. Hu},
TITLE     = {Query size estimation using clustering techniques},
JOURNAL   = {Proceedings of the 17th International Conference on Tools with Artificial Intelligence (ICTAI ’05)},
YEAR      = {2005},
pages = {185–189},
volume={},
}
@ARTICLE {cluster6,
AUTHOR    = {Q. Li and B. Kim},
TITLE     = {Clustering Approach for Hybrid Recommender System},
JOURNAL   = {WI '03 Proceedings of the 2003 IEEE/WIC International Conference on Web Intelligence},
YEAR      = {2003},
pages = {},
volume={},
}
@TECHREPORT {cluster7,
AUTHOR    = {J. Karlgren},
TITLE     = {Newsgroup clustering based on user behavior — a recommendation algebra},
JOURNAL   = { Technical Report, European Research Consortium for Informatics and Mathematics at SICS},
YEAR      = {1994},
}

@ARTICLE {stat1,
AUTHOR    = {X. Su and T. M. Khoshgoftaar},
TITLE     = {Collaborative filtering for multi-class data using belief nets algorithms},
JOURNAL   = {Proceedings of the International Conference on Tools with Artificial Intelligence (ICTAI ’06)},
YEAR      = {2006},
pages = {497–504},
volume={},
}

@ARTICLE {stat2,
AUTHOR    = {T. Hofmann},
TITLE     = {Probabilistic latent semantic indexing},
JOURNAL   = {ACM SIGIR ’99},
YEAR      = {1999},
pages = {50–57},
volume={},
}
@ARTICLE {stat3,
AUTHOR    = {X. Jin and Y. Zhou and B. Mobasher},
TITLE     = {Web usage mining based on probabilistic latent semantic analysis},
JOURNAL   = {ACM KDD ’04},
YEAR      = {2004},
pages = {197–205},
volume={},
}

@ARTICLE {stat4,
AUTHOR    = {A. Popescul and L. Ungar and D. Pennock and S. Lawrence},
TITLE     = {Probabilistic models for unified collaborative and content-based recommendation in sparse-data environments},
JOURNAL   = {UAI '01 Proceedings of the 17th Conference in Uncertainty in Artificial Intelligence},
YEAR      = {2001},
pages = {437–444},
volume={},
}

@TECHREPORT{stat5,
    author = {T. Landauer and M. Littman and Bell Communications Research (Bellcore)},
    title = {Computerized cross-language document retrieval using latent semantic indexing},
    institution = {},
    year = {1994}
}

@ARTICLE {stat6,
AUTHOR    = {S. Deerwester and S. Dumais and G. W. Furnas and T. Landauer and and R. Harshman}, 
TITLE     = {Indexing by latent semantic analysis},
JOURNAL   = {Journal of the American Society for Information Science},
YEAR      = {1990},
pages = {391–407},
volume={41},
}

@ARTICLE {stat7,
AUTHOR    = {T. Hofmann and J. Puzicha},
TITLE     = {Latent class models for collaborative filtering},
JOURNAL   = {Proceedings of the 16th International Joint Conference on Artificial Intelligence (IJCAI ’99)},
YEAR      = {1999},
pages = {688–693},
volume={},
}

@ARTICLE {stat8,
AUTHOR    = {T. Hofmann},
TITLE     = {Unsupervised learning by probabilistic latent semantic analysis},
JOURNAL   = {Machine Learning},
YEAR      = {2001},
pages = {177–196},
volume={42},
}

@ARTICLE {srat9,
AUTHOR    = {T. Hofmann},
TITLE     = {Collaborative Filtering via Gaussian Probabilistic Latent Semantic Analysis},
JOURNAL   = {Proc. 26th Ann. Int’l ACM SIGIR Conf},
YEAR      = {2003},
pages = {},
volume={},
}
@ARTICLE {stat10,
AUTHOR    = {T. Hofmann},
TITLE     = {Latent Semantic Models for Collaborative Filtering},
JOURNAL   = {ACM Trans. Information Systems},
YEAR      = {2004},
pages = {89-115},
volume={22},
}
@ARTICLE {stat11,
AUTHOR    = {R. A. Howard},
TITLE     = {Dynamic Programming and Markov Processes},
JOURNAL   = {MIT Press, Cambridge, Mass, USA},
YEAR      = {1960},
pages = {},
volume={},
}
AUTHOR    = {M. Hauskrecht},
TITLE     = {Incremental methods for computing bounds in partially observable Markov decision processes},
JOURNAL   = {Proceedings of the 14th National Conference on Artificial Intelligence (AAAI ’97)},
YEAR      = {734–739},
pages = {},
volume={1997},
}
@ARTICLE {stat12,
AUTHOR    = {M. Kearns and Y. Mansour and A. Y. Ng},
TITLE     = {A sparse sampling algorithm for near-optimal planning in large Markov decision processes},
JOURNAL   = {Machine Learning},
YEAR      = {2002},
pages = {193-208},
volume={49},
}

@COMMENT ======= LEARNING: нейронные сети
@ARTICLE {context13,
AUTHOR    = {},
TITLE     = {},
JOURNAL   = {},
YEAR      = {},
pages = {},
volume={},
}

@ARTICLE {learning1,
AUTHOR    = {K. Miyahara and M. J. Pazzani},
TITLE     = {Collaborative filtering with the simple Bayesian classifier},
JOURNAL   = {Proceedings of the 6th Pacific Rim International Conference on Artificial Intelligence},
YEAR      = {2000},
pages = {679–689},
volume={},
}
@ARTICLE {learning2,
AUTHOR    = {D. Cohn and L. Atlas and R. Ladner},
TITLE     = {Improving Generalization with Active Learning},
JOURNAL   = {Machine Learning},
YEAR      = {1994},
pages = {201-221},
volume={15},
}

@ARTICLE {learning3,
AUTHOR    = {D. Cohn and Z. Ghahramani and M. Jordan},
TITLE     = {Active Learning with Statistical Models},
JOURNAL   = {Artificial Intelligence Research},
YEAR      = {1996},
pages = {129-145},
volume={4},
}
@ARTICLE {learning4,
AUTHOR    = {D. Billsus and M. Pazzan},
TITLE     = {Learning Collaborative Information Filters},
JOURNAL   = {Int’l Conf. Machine Learning},
YEAR      = {1998},
pages = {},
volume={},
}
@ARTICLE {learning5,
AUTHOR    = {T. Fawcett and F. Provost},
TITLE     = {Combining Data Mining and Machine Learning for Efficient User Profiling},
JOURNAL   = {Second Int’l Conf. Knowledge Discovery and Data Mining (KDD-96)},
YEAR      = {1996},
pages = {},
volume={},
}
@ARTICLE {learning6,
AUTHOR    = {Y. Freund and H.S. Seung and E. Shamir and N. Tishby},
TITLE     = {Selective Sampling Using the Query by Committee Algorithm},
JOURNAL   = {Machine Learning},
YEAR      = {1997},
pages = {133-168},
volume={28},
}
@ARTICLE {learning7,
AUTHOR    = {M. Pazzani and D. Billsus},
TITLE     = {Learning and Revising User Profiles: The Identification of Interesting Web Sites},
JOURNAL   = {Machine Learning},
YEAR      = {1997},
pages = {313-331},
volume={},
}
@ARTICLE {learning8,
AUTHOR    = {K. Lang},
TITLE     = {Newsweeder: Learning to Filter Netnews},
JOURNAL   = {Proc. 12th Int’l Conf. Machine Learning},
YEAR      = {1995},
pages = {},
volume={},
}

@ARTICLE {learning9,
AUTHOR    = {W.S. Lee},
TITLE     = {Collaborative Learning for Recommender Systems},
JOURNAL   = {Int’l Conf. Machine Learning},
YEAR      = {2001},
pages = {},
volume={},
}

@ARTICLE {learning10,
AUTHOR    = {D. Lewis and J. Catlett},
TITLE     = {Heterogeneous Uncertainty Sampling for Supervised Learning},
JOURNAL   = {11th Int’l Conf. Machine Learning},
YEAR      = {1994},
pages = {148-156},
volume={},
}

@ARTICLE {learning11,
AUTHOR    = {S. A. Goldman and M. K. Warmuth},
TITLE     = {Learning binary relations using weighted majority voting},
JOURNAL   = {Machine Learning},
YEAR      = {1995},
pages = {245–271},
volume={20},
}

@ARTICLE {learning12,
AUTHOR    = {M. Balabanovi},
TITLE     = {Exploring versus exploiting when learning user models for text recommendation},
JOURNAL   = {User Modelling and User-Adapted Interaction},
YEAR      = {1998},
pages = {71–102},
volume={8},
}
@COMMENT =========== content
@ARTICLE {content1,
AUTHOR    = {M. J. Pazzani},
TITLE     = {A framework for collaborative, content-based and demographic filtering},
JOURNAL   = {Artificial Intelligence Review},
YEAR      = {1999},
pages = {393–40},
volume={},
}

@ARTICLE {content10,
AUTHOR    = {M. Balabanovi and Y. Shoham},
TITLE     = {Fab: Content-based, collaborative recommendation},
JOURNAL   = {Communications of the ACM},
YEAR      = {1997},
pages = {66–72},
volume={40},
}

@ARTICLE {content11,
AUTHOR    = {J. Mooney and L. Roy},
TITLE     = {Content-based book recommendation using learning for text categorization},
JOURNAL   = {Proceedings of the Workshop on Recommender Systems: Algorithms and Evaluation},
YEAR      = {1999},
pages = {},
volume={},
}
@ARTICLE {content3,
AUTHOR    = {Popescul and L. H. Ungar and D. M. Pennock and S. Lawrence},
TITLE     = {Probabilistic models for unified collaborative and content-based recommendation in sparse-data environments},
JOURNAL   = {Proceedings of the 17th Conference in Uncertainty in Artificial Intelligence (UAI ’01)},
YEAR      = {2001},
pages = {437–444},
volume={},
}
@ARTICLE {content4,
AUTHOR    = {I. Soboroff and C. Nicholas},
TITLE     = {Combining Content and Collaboration in Text Filtering},
JOURNAL   = {Int'l Joint Conf. Artificial Intelligence Workshop: Machine Learning for Information Filtering},
YEAR      = {1999},
pages = {},
volume={},
}

@ARTICLE {content6,
AUTHOR    = {C. Basu and H. Hirsh and W. Cohen},
TITLE     = {Recommendation as Classification: Using Social and Content-Based Information in Recommendation},
JOURNAL   = { Recommender Systems. Papers from 1998 Workshop, Technical Report WS-98-08, AAAI Press 1998},
YEAR      = {1998},
pages = {},
volume={},
}

@ARTICLE {content7,
AUTHOR    = {M. Claypool and A. Gokhale and T. Miranda and P. Murnikov and D. Netes and M. Sartin},
TITLE     = {Combining Content-Based and Collaborative Filters in an Online Newspaper},
JOURNAL   = {Proc. ACM SIGIR ’99 Workshop Recommender Systems: Algorithms and Evaluation},
YEAR      = {1999},
pages = {},
volume={},
}

@ARTICLE {content8,
AUTHOR    = {J.L. Herlocker and J.A. Konstan},
TITLE     = {Content-Independent Task Focused Recommendation},
JOURNAL   = {IEEE Internet Computing},
YEAR      = {},
pages = {40-47},
volume={5},
}

@ARTICLE {content9,
AUTHOR    = {P. Melville and R.J. Mooney and R. Nagarajan},
TITLE     = {Content-Boosted Collaborative Filtering for Improved Recommendations},
JOURNAL   = {Proc. 18th Nat’l Conf. Artificial Intelligence},
YEAR      = {2002},
pages = {},
volume={},
}

@ARTICLE {content_rs_soc_sys,
AUTHOR    = {I. Cantador and A. Bellog\'{\i}n and D. Vallet},
TITLE     = {Content-based recommendation in social tagging systems},
JOURNAL   = {ACM RecSys '10},
YEAR      = {},
pages = {237-240},
volume={2010},
}
@MISC{content12,
    author = {Pasquale Lops and Marco De Gemmis and Giovanni Semeraro and Pasquale Lops and Marco De Gemmis and Giovanni Semeraro},
    title = {Chapter 3 Content-based Recommender Systems: State of the Art and Trends},
    year = {}
}
@ARTICLE {cluster8,
AUTHOR    = {S. Gong}, 
TITLE     = {A Collaborative Filtering Recommendation Algorithm Based on User Clustering and Item Clustering },
JOURNAL   = {JOURNAL OF SOFTWARE,},
YEAR      = {2010},
pages = {},
 volume={5},
}
@ARTICLE {rs-cf,
AUTHOR    = {Y. Zhang and C. Yang and Z. Niu},
TITLE     = {A Research of Job Recommendation System Based on Collaborative Filtering},
JOURNAL   = { Computational Intelligence and Design (ISCID)},
YEAR      = {2015},
pages = {},
 volume={},
}
@ARTICLE{sparse1 ,
AUTHOR    = {M. Papagelis and D. Plexousakis and T. Kutsuras},
TITLE     = {Alleviating the Sparsity Problem of Collaborative Filtering Using Trust Inferences },
JOURNAL   = {iTrust'05 Proceedings of the Third international conference on Trust Management},
YEAR      = {2005},
Volume    = {},
Number    = {},
Pages     = {224-239 },
}

@ARTICLE{sparse2 ,
AUTHOR    = {Z. Liu and H. Wang and W. Qu and R. Fan},
TITLE     = {Sparse Matrix Prediction Filling in Collaborative Filtering},
JOURNAL   = {International Conference on Scalable Computing and Communications},
YEAR      = {2009},
Volume    = {},
Number    = {},
Pages     = {},
}

@ARTICLE{sparse3 ,
AUTHOR    = {P. Brian J and L. Eun-Joo},
TITLE     = {Isolating Matrix Sparsity in Collaborative Filtering Ratings Matrices},
JOURNAL   = {Proceedings of the International Conference on Data Mining},
YEAR      = {2013},
Volume    = {},
Number    = {},
Pages     = {},
}

@Book{set-theory,
author = {Н. К. Верещагин, А. Шень},
title = {Лекции по математической логике и теории алгоритмов.Часть 1. Начала теории множеств. 4-е изд.},
publisher = {М: МЦНМО},
year = {2012},
pages={112 с.}
}

@Book{expert-systems,
author = {П. Джексон},
title = {Введение в экспертные системы},
publisher = {Вильямс},
year = {2001},
pages={624}
}

@ARTICLE{cf-expert,
AUTHOR    = {J. L. Herlocker and J. A. Konstan and J. Riedl},
TITLE     = {Explaining collaborative filtering recommendations},
JOURNAL   = {Proceedings of the 2000 ACM conference on Computer supported cooperative work},
YEAR      = {2000},
Volume    = {},
Number    = {},
Pages     = {241-250},
}

@Book{bank,
author = {Е. Р. Ляпина},
title = {Проектирование банковского рекомендательного сервиса с использованием методов машинного обучения },
year = {2016},
}


@Book{threshold1,
author = {C. C. Aggarwal},
title = {Recommender Systems},
publisher = {Springer},
year = {2016},
pages={498},
}

@Article{threshold2,
  author  = {C. Bøe},
  title   = {Collaborative filtering for recommending movies},
  year    = {2007},
  journal = {Master’s thesis, Norwegian University of Science and Technology},
  pages   = {56-58},
  month   = {},
  volume  = {40},
}

@Article{threshold3,
  author  = {O.  Jojic and  M.  Shukla  and  N.  Bhosarekar},
  title   = {A  probabilistic  definition of  item  similarity},
  year    = {2011},
  journal = {Proceedings  of  the  fifth  ACM  conference  on Recommender systems},
  pages   = {229–236},
  month   = {},
  volume  = {40},
}

@Article{threshold4,
  author  = {S.  Cleger-Tamayo and J.  M.  Fernandez-Luna  and  J.  F.  Huete},
  title   = {A  new criteria   for   selecting   neighborhood   in   memory-based   recommender systems},
  year    = {2011},
  journal = {Proceedings   of   the   14th   international   conference   on
Advances  in  artificial  intelligence:  spanish  association  for  artificial
intelligence},
  pages   = {423–432},
}


@Book{threshold5,
  author  = {H.  Ma},
  title   = {Learning  to  recommend},
	address = {The  Chinese University of Hong Kong},
	year = {2009},
}


@Article{eval-sim-metrics,
  author  = {S. Morozov and X. Zhong},
  title   = {The Evaluation of Similarity Metrics in Collaborative Filtering Recommenders},
  year    = {2013},
  journal = { Hawaii University International Conferences},
  pages   = {},
}
@Book{matan,
author = {В. А. Зорич},
title = {Математический анализ. В 2-х ч.  Зорич В.А.},
publisher = {М.: ФАЗИС; Наука},
year = {1984},
pages={640}
}

@misc{ml-data,
  title = {MovieLens Data},
  howpublished = {\url{https://grouplens.org/datasets/movielens/}},
  note = {Online; Проверено 2017-09-15},
}
@misc{hetero-spotify,
  title = {Recommending music on Spotify with deep learning},
  howpublished = {\url{http://benanne.github.io/2014/08/05/spotify-cnns.html}},
  note = {Online; Проверено 2017-09-15},
}
@Article{ub-assumption,
  author  = {C. P. Lam},
  title   = {Collaborative filtering using associative neural memory},
  year    = {2003},
  journal = {ITWP'03 Proceedings of the 2003 international conference on Intelligent },
  pages   = {153-168},
}

@Article{hetero1,
  author  = {J. Solomon},
  title   = {Heterogeneity in Customization of Recommender Systems By Users with Homogenous Preferences},
  year    = {2016},
  journal = {
				Proceedings of the
				CHI '16 Proceedings of the 2016 CHI Conference on Human Factors
				in Computing Systems
  },
  pages   = {4166-4170},
}
@Article{eval-precision,
  author  = {S. Najafi and Z. Salam},
  title   = {Evaluating Prediction Accuracy for
  Collaborative Filtering Algorithms
  in Recommender Systems},
  year    = {2016},
  journal = {DEGREE PROJECT TECHNOLOGY},
  pages   = {},
  month   = {},
  volume  = {},
}
@Article{8020-1,
  author  = {R. Pan and Y. Zhou and B. Cao},
  title   = {One-Class Collaborative Filtering},
  year    = {2008},
  journal = {
  Data Mining, ICDM '08
  },
}

@Article{8020-2,
  author  = {B.M. Sarwar and G. Karypis and J. Konstan},
  title   = {Recommender systems for large-scale e-commerce: Scalable
	  neighborhood formation using clustering },
  year    = {2007},
  journal = {
Proceedings of the fifth international conference on computer and information
technology
  },
}
@Article{rs-in-compsciense,
  author  = {D. Jannach and M. Zanker and M. Ge and M. Gröning},
  title   = {Recommender Systems in Computer Science and Information Systems – A Landscape of Research},
  year    = {2012},
  journal = {
	International Conference on Electronic Commerce and Web Technologies
  },
  pages   = {76-87},
}
@ARTICLE{ person-rec-item-based,
AUTHOR    = {P. Mayuri and P. Sonal and G. Dhanokar},
TITLE     = {A Personalized Recommendation on the Basis of Item Based Algorithm },
JOURNAL   = {International Journal of Computer Science and Information Technologies},
YEAR      = {2015},
Pages     = {4309-4312},
Volume    = {6},
}
@Book{fuzzy-ponomarev,
author = {Пономарев А.С.},
title = {Нечеткие множества в задачах автоматизированного управления и принятия решений},
publisher = {НТУ ХПИ},
year = {2005},
}
@ARTICLE{ citation,
AUTHOR    = {H. Liu and X. Kong and X. Bai},
TITLE     = {Context-Based Collaborative Filtering for Citation Recommendation},
JOURNAL   = {},
YEAR      = {2015},
Pages     = {},
Volume    = {},
}
@MastersThesis{user-item-based-master-thesis,
    author     =     {C. A. Levinas},
    title     =     {An Analysis of Memory Based Collaborative Filtering Recommender Systems with Improvement Proposals},
    school     =     {Universitat Politècnica de Catalunya},
    address     =     {},
    year     =     {2014},
    }
@ARTICLE{ number-of-researches-2014,
AUTHOR    = {J. Beel and B. Gipp and S. Langer and C. Breitinger},
TITLE     = {Research Paper Recommender System Evaluation:
A Quantitative Literature Survey},
JOURNAL   = {International Journal on Digital Libraries},
YEAR      = {2015},
Pages     = {1-34},
Volume    = {},
}

